<?xml version="1.0" encoding="UTF-8"?><record xmlns="http://www.loc.gov/MARC21/slim" xmlns:cinclude="http://apache.org/cocoon/include/1.0" xmlns:zs="http://www.loc.gov/zing/srw/">
  <leader>00797cz  a2200133n  4500</leader>
  <controlfield tag="001">n 2006087608</controlfield>
  <controlfield tag="003">DLC</controlfield>
  <controlfield tag="005">20120816080724.0</controlfield>
  <controlfield tag="008">061115n| acannaabn          |n ana      </controlfield>
  <datafield tag="010" ind1=" " ind2=" ">
    <subfield code="a">n 2006087608</subfield>
  </datafield>
  <datafield tag="040" ind1=" " ind2=" ">
    <subfield code="a">DLC</subfield>
    <subfield code="b">eng</subfield>
    <subfield code="c">DLC</subfield>
    <subfield code="d">DLC</subfield>
  </datafield>
  <datafield tag="111" ind1="2" ind2=" ">
    <subfield code="a">Foro Internacional sobre Participación de los Pueblos Indígenas Originarios y Formas de Representación</subfield>
    <subfield code="d">(2004 :</subfield>
    <subfield code="c">La Paz, Bolivia)</subfield>
  </datafield>
  <datafield tag="667" ind1=" " ind2=" ">
    <subfield code="a">THIS 1XX FIELD CANNOT BE USED UNDER RDA UNTIL THIS RECORD HAS BEEN REVIEWED AND/OR UPDATED</subfield>
  </datafield>
  <datafield tag="670" ind1=" " ind2=" ">
    <subfield code="a">Foro Internacional sobre Participación de los Pueblos Indígenas Originarios y Formas de Representación (2004 : La Paz, Bolivia). Memoria, 2004:</subfield>
    <subfield code="b">t.p. (Foro internacional sobre participación de los pueblos indígenas originarios y formas de representación) cover (La Paz, 29 al 31 de marzo de 2004)</subfield>
  </datafield>
</record>